@book{thomas1987open,
  title={Open Problems in Communication and Computation},
  author={Thomas. M. Cover and Gopinath, B},
  year={1987},
  publisher={Springer}
}